<record><leader>00000cas a22000007a 4500</leader><controlfield tag="001">9416752</controlfield><controlfield tag="008">830415c19619999ohudr ne      0    0eng d</controlfield><controlfield tag="009">3783</controlfield><datafield ind1=" " ind2=" " tag="010"><subfield code="a">sn 83035082 </subfield></datafield><datafield ind1=" " ind2=" " tag="040"><subfield code="a">NPY</subfield><subfield code="b">eng</subfield><subfield code="c">NPY</subfield><subfield code="d">ONP</subfield><subfield code="d">OCL</subfield><subfield code="d">OCLCQ</subfield></datafield><datafield ind1="1" ind2=" " tag="029"><subfield code="a">AU@</subfield><subfield code="b">000025838221</subfield></datafield><datafield ind1=" " ind2=" " tag="042"><subfield code="a">msc</subfield></datafield><datafield ind1="0" ind2=" " tag="130"><subfield code="a">Record-courier (Ravenna, Ohio)</subfield></datafield><datafield ind1="0" ind2="0" tag="245"><subfield code="a">Record-courier.</subfield></datafield><datafield ind1="3" ind2="0" tag="246"><subfield code="a">Record courier</subfield></datafield><datafield ind1=" " ind2=" " tag="260"><subfield code="a">Ravenna, Ohio :</subfield><subfield code="b">R.C. Dix,</subfield><subfield code="c">1961-</subfield></datafield><datafield ind1=" " ind2=" " tag="300"><subfield code="a">v.</subfield></datafield><datafield ind1=" " ind2=" " tag="310"><subfield code="a">Daily except holidays,</subfield><subfield code="b">&lt;Sept. 3, 1994-&gt;</subfield></datafield><datafield ind1=" " ind2=" " tag="321"><subfield code="a">Daily except Saturday, Sunday and holidays,</subfield><subfield code="b">&lt;-1981&gt;</subfield></datafield><datafield ind1=" " ind2=" " tag="321"><subfield code="a">Daily except Sunday and holidays,</subfield><subfield code="b">&lt;May 1981-June 1987&gt;</subfield></datafield><datafield ind1=" " ind2=" " tag="321"><subfield code="a">Daily except Saturday and holidays,</subfield><subfield code="b">&lt;July 1987-Aug. 1994&gt;</subfield></datafield><datafield ind1="0" ind2=" " tag="362"><subfield code="a">Vol. 131, no. 187 (Aug. 10, 1961)-</subfield></datafield><datafield ind1=" " ind2=" " tag="500"><subfield code="a">Published: Ravenna, Ohio : David E. Dix, &lt;1994-&gt;</subfield></datafield><datafield ind1=" " ind2=" " tag="500"><subfield code="a">Published simultaneously in Kent, Ohio.</subfield></datafield><datafield ind1=" " ind2=" " tag="500"><subfield code="a">Continues numbering of its predecessor, Evening record-courier tribune.</subfield></datafield><datafield ind1=" " ind2=" " tag="500"><subfield code="a">Independent.</subfield></datafield><datafield ind1=" " ind2="4" tag="651"><subfield code="a">Kent (Ohio)</subfield><subfield code="v">Newspapers.</subfield></datafield><datafield ind1=" " ind2="4" tag="651"><subfield code="a">Ravenna (Ohio)</subfield><subfield code="v">Newspapers.</subfield></datafield><datafield ind1=" " ind2="4" tag="651"><subfield code="a">Portage County (Ohio)</subfield><subfield code="v">Newspapers.</subfield></datafield><datafield ind1=" " ind2=" " tag="752"><subfield code="a">United States</subfield><subfield code="b">Ohio</subfield><subfield code="c">Portage</subfield><subfield code="d">Ravenna.</subfield></datafield><datafield ind1="0" ind2="0" tag="780"><subfield code="t">Evening record-courier tribune</subfield><subfield code="w">(DLC)sn 83035081</subfield></datafield><datafield ind1=" " ind2=" " tag="936"><subfield code="a">(Sept. 3, 1994) (surrogate) LIC</subfield></datafield></record>